<marcxml:record xmlns:marcxml="http://www.loc.gov/MARC21/slim" xmlns:mets="http://www.loc.gov/METS/" xmlns:bf="http://id.loc.gov/ontologies/bibframe/" xmlns:bflc="http://id.loc.gov/ontologies/bflc/" xmlns:madsrdf="http://www.loc.gov/mads/rdf/v1#" xmlns:rdf="http://www.w3.org/1999/02/22-rdf-syntax-ns#" xmlns:ri="http://id.loc.gov/ontologies/RecordInfo#" xmlns:idx="info:lc/xq-modules/lcindex" xmlns:semtriples="http://marklogic.com/semantic" xmlns:xsi="http://www.w3.org/2001/XMLSchema-instance" xmlns:xlink="http://www.w3.org/1999/xlink" xmlns:streams="info:lc/streams#">
  <marcxml:leader>02238cam a2200421 i 4500</marcxml:leader>
  <marcxml:controlfield tag="001">19783907</marcxml:controlfield>
  <marcxml:controlfield tag="005">20180828144603.0</marcxml:controlfield>
  <marcxml:controlfield tag="008">170713t20172017moua          000 p eng d</marcxml:controlfield>
  <marcxml:datafield tag="906" ind1=" " ind2=" ">
    <marcxml:subfield code="a">7</marcxml:subfield>
    <marcxml:subfield code="b">cbc</marcxml:subfield>
    <marcxml:subfield code="c">copycat</marcxml:subfield>
    <marcxml:subfield code="d">2</marcxml:subfield>
    <marcxml:subfield code="e">epcn</marcxml:subfield>
    <marcxml:subfield code="f">20</marcxml:subfield>
    <marcxml:subfield code="g">y-gencatlg</marcxml:subfield>
  </marcxml:datafield>
  <marcxml:datafield tag="925" ind1="0" ind2=" ">
    <marcxml:subfield code="a">acquire</marcxml:subfield>
    <marcxml:subfield code="b">1 shelf copy</marcxml:subfield>
    <marcxml:subfield code="x">policy default</marcxml:subfield>
  </marcxml:datafield>
  <marcxml:datafield tag="955" ind1=" " ind2=" ">
    <marcxml:subfield code="a">pc28 2017-07-13</marcxml:subfield>
    <marcxml:subfield code="b">xk02 2018-06-12 z-processor</marcxml:subfield>
    <marcxml:subfield code="i">xk04 2018-06-14 to BCCD</marcxml:subfield>
    <marcxml:subfield code="a">HAND CARRY X COPIES/CIP COPY/LP COPY/ANY COPIES NEEDED FOR CONGRESSIONAL LOAN; DO NOT DISCARD; PLS CONTACT/scar, x7717 2018-07-18</marcxml:subfield>
    <marcxml:subfield code="b">hb09 2018-08-28 copy to LOAN</marcxml:subfield>
  </marcxml:datafield>
  <marcxml:datafield tag="010" ind1=" " ind2=" ">
    <marcxml:subfield code="a">  2017948761</marcxml:subfield>
  </marcxml:datafield>
  <marcxml:datafield tag="020" ind1=" " ind2=" ">
    <marcxml:subfield code="a">9781449486792 (paperback)</marcxml:subfield>
  </marcxml:datafield>
  <marcxml:datafield tag="035" ind1=" " ind2=" ">
    <marcxml:subfield code="a">(OCoLC)ocn993042963</marcxml:subfield>
  </marcxml:datafield>
  <marcxml:datafield tag="037" ind1=" " ind2=" ">
    <marcxml:subfield code="b">Andrews McMeel Pub, C/O Simon &amp; Schuster 100 Front st, Riverside, NJ, USA, 08075, (816)5817516</marcxml:subfield>
    <marcxml:subfield code="n">SAN 200-2442</marcxml:subfield>
  </marcxml:datafield>
  <marcxml:datafield tag="040" ind1=" " ind2=" ">
    <marcxml:subfield code="a">YDX</marcxml:subfield>
    <marcxml:subfield code="b">eng</marcxml:subfield>
    <marcxml:subfield code="c">YDX</marcxml:subfield>
    <marcxml:subfield code="e">rda</marcxml:subfield>
    <marcxml:subfield code="d">JBL</marcxml:subfield>
    <marcxml:subfield code="d">NGP</marcxml:subfield>
    <marcxml:subfield code="d">BDX</marcxml:subfield>
    <marcxml:subfield code="d">MCT</marcxml:subfield>
    <marcxml:subfield code="d">OCLCF</marcxml:subfield>
    <marcxml:subfield code="d">AUPTL</marcxml:subfield>
    <marcxml:subfield code="d">Y$5</marcxml:subfield>
    <marcxml:subfield code="d">ZAC</marcxml:subfield>
    <marcxml:subfield code="d">WKM</marcxml:subfield>
    <marcxml:subfield code="d">OCL</marcxml:subfield>
    <marcxml:subfield code="d">KYC</marcxml:subfield>
    <marcxml:subfield code="d">DAC</marcxml:subfield>
    <marcxml:subfield code="d">VBO</marcxml:subfield>
    <marcxml:subfield code="d">CD5</marcxml:subfield>
    <marcxml:subfield code="d">YDX</marcxml:subfield>
    <marcxml:subfield code="d">T7X</marcxml:subfield>
    <marcxml:subfield code="d">B@L</marcxml:subfield>
    <marcxml:subfield code="d">ORK</marcxml:subfield>
    <marcxml:subfield code="d">YW6</marcxml:subfield>
    <marcxml:subfield code="d">TS6</marcxml:subfield>
    <marcxml:subfield code="d">QX9</marcxml:subfield>
    <marcxml:subfield code="d">CZA</marcxml:subfield>
    <marcxml:subfield code="d">CRU</marcxml:subfield>
    <marcxml:subfield code="d">BUDAP</marcxml:subfield>
    <marcxml:subfield code="d">GFC</marcxml:subfield>
    <marcxml:subfield code="d">JOV</marcxml:subfield>
    <marcxml:subfield code="d">TME</marcxml:subfield>
    <marcxml:subfield code="d">KE7</marcxml:subfield>
    <marcxml:subfield code="d">CGL</marcxml:subfield>
    <marcxml:subfield code="d">CGP</marcxml:subfield>
    <marcxml:subfield code="d">UID</marcxml:subfield>
    <marcxml:subfield code="d">OI6</marcxml:subfield>
    <marcxml:subfield code="d">JSE</marcxml:subfield>
    <marcxml:subfield code="d">Y#4</marcxml:subfield>
    <marcxml:subfield code="d">JSZ</marcxml:subfield>
    <marcxml:subfield code="d">JAO</marcxml:subfield>
    <marcxml:subfield code="d">JY2</marcxml:subfield>
    <marcxml:subfield code="d">JN9</marcxml:subfield>
    <marcxml:subfield code="d">BVI</marcxml:subfield>
    <marcxml:subfield code="d">TXSCH</marcxml:subfield>
    <marcxml:subfield code="d">TXLAP</marcxml:subfield>
    <marcxml:subfield code="d">KK2</marcxml:subfield>
    <marcxml:subfield code="d">UAT</marcxml:subfield>
    <marcxml:subfield code="d">ULY</marcxml:subfield>
    <marcxml:subfield code="d">UBC</marcxml:subfield>
    <marcxml:subfield code="d">ILM</marcxml:subfield>
    <marcxml:subfield code="d">DCK</marcxml:subfield>
    <marcxml:subfield code="d">FPJ</marcxml:subfield>
    <marcxml:subfield code="d">NMW</marcxml:subfield>
    <marcxml:subfield code="d">WLM</marcxml:subfield>
    <marcxml:subfield code="d">QQ3</marcxml:subfield>
    <marcxml:subfield code="d">QS8</marcxml:subfield>
    <marcxml:subfield code="d">DUD</marcxml:subfield>
    <marcxml:subfield code="d">ST5</marcxml:subfield>
    <marcxml:subfield code="d">FPB</marcxml:subfield>
    <marcxml:subfield code="d">FJD</marcxml:subfield>
    <marcxml:subfield code="d">FYM</marcxml:subfield>
    <marcxml:subfield code="d">HLS</marcxml:subfield>
    <marcxml:subfield code="d">SLR</marcxml:subfield>
    <marcxml:subfield code="d">TOP</marcxml:subfield>
    <marcxml:subfield code="d">FSP</marcxml:subfield>
    <marcxml:subfield code="d">O2C</marcxml:subfield>
    <marcxml:subfield code="d">HCO</marcxml:subfield>
    <marcxml:subfield code="d">NDD</marcxml:subfield>
    <marcxml:subfield code="d">BPLCP</marcxml:subfield>
    <marcxml:subfield code="d">GILDS</marcxml:subfield>
    <marcxml:subfield code="d">MPLBT</marcxml:subfield>
    <marcxml:subfield code="d">NJB</marcxml:subfield>
    <marcxml:subfield code="d">DLC</marcxml:subfield>
  </marcxml:datafield>
  <marcxml:datafield tag="042" ind1=" " ind2=" ">
    <marcxml:subfield code="a">lccopycat</marcxml:subfield>
  </marcxml:datafield>
  <marcxml:datafield tag="050" ind1="0" ind2="0">
    <marcxml:subfield code="a">PR9199.4.K377</marcxml:subfield>
    <marcxml:subfield code="b">A6 2017</marcxml:subfield>
  </marcxml:datafield>
  <marcxml:datafield tag="082" ind1="0" ind2="4">
    <marcxml:subfield code="a">811.6</marcxml:subfield>
    <marcxml:subfield code="2">23</marcxml:subfield>
  </marcxml:datafield>
  <marcxml:datafield tag="100" ind1="1" ind2=" ">
    <marcxml:subfield code="a">Kaur, Rupi,</marcxml:subfield>
    <marcxml:subfield code="e">author,</marcxml:subfield>
    <marcxml:subfield code="e">illustrator.</marcxml:subfield>
  </marcxml:datafield>
  <marcxml:datafield tag="240" ind1="1" ind2="0">
    <marcxml:subfield code="a">Poems.</marcxml:subfield>
    <marcxml:subfield code="k">Selections</marcxml:subfield>
  </marcxml:datafield>
  <marcxml:datafield tag="245" ind1="1" ind2="4">
    <marcxml:subfield code="a">The sun and her flowers /</marcxml:subfield>
    <marcxml:subfield code="c">Rupi Kaur.</marcxml:subfield>
  </marcxml:datafield>
  <marcxml:datafield tag="264" ind1=" " ind2="1">
    <marcxml:subfield code="a">Kansas City, Missouri :</marcxml:subfield>
    <marcxml:subfield code="b">Andrews McMeel Publishing,</marcxml:subfield>
    <marcxml:subfield code="c">[2017]</marcxml:subfield>
  </marcxml:datafield>
  <marcxml:datafield tag="264" ind1=" " ind2="4">
    <marcxml:subfield code="c">©2017</marcxml:subfield>
  </marcxml:datafield>
  <marcxml:datafield tag="300" ind1=" " ind2=" ">
    <marcxml:subfield code="a">248 pages, 8 unnumbered pages :</marcxml:subfield>
    <marcxml:subfield code="b">illustrations ;</marcxml:subfield>
    <marcxml:subfield code="c">20 cm</marcxml:subfield>
  </marcxml:datafield>
  <marcxml:datafield tag="336" ind1=" " ind2=" ">
    <marcxml:subfield code="a">text</marcxml:subfield>
    <marcxml:subfield code="b">txt</marcxml:subfield>
    <marcxml:subfield code="2">rdacontent</marcxml:subfield>
  </marcxml:datafield>
  <marcxml:datafield tag="336" ind1=" " ind2=" ">
    <marcxml:subfield code="a">still image</marcxml:subfield>
    <marcxml:subfield code="b">sti</marcxml:subfield>
    <marcxml:subfield code="2">rdacontent</marcxml:subfield>
  </marcxml:datafield>
  <marcxml:datafield tag="337" ind1=" " ind2=" ">
    <marcxml:subfield code="a">unmediated</marcxml:subfield>
    <marcxml:subfield code="b">n</marcxml:subfield>
    <marcxml:subfield code="2">rdamedia</marcxml:subfield>
  </marcxml:datafield>
  <marcxml:datafield tag="338" ind1=" " ind2=" ">
    <marcxml:subfield code="a">volume</marcxml:subfield>
    <marcxml:subfield code="b">nc</marcxml:subfield>
    <marcxml:subfield code="2">rdacarrier</marcxml:subfield>
  </marcxml:datafield>
  <marcxml:datafield tag="500" ind1=" " ind2=" ">
    <marcxml:subfield code="a">"Illustrations and design by Rupi Kaur"--Title page verso.</marcxml:subfield>
  </marcxml:datafield>
  <marcxml:datafield tag="505" ind1="0" ind2=" ">
    <marcxml:subfield code="a">Wilting -- Falling -- Rooting -- Rising -- Blooming.</marcxml:subfield>
  </marcxml:datafield>
  <marcxml:datafield tag="520" ind1=" " ind2=" ">
    <marcxml:subfield code="a">A transcendent journey about growth and healing, ancestry and honoring one's roots and expatriation, and rising up to find a home within yourself.</marcxml:subfield>
  </marcxml:datafield>
  <marcxml:datafield tag="650" ind1=" " ind2="0">
    <marcxml:subfield code="a">Self-actualization (Psychology)</marcxml:subfield>
    <marcxml:subfield code="v">Poetry.</marcxml:subfield>
  </marcxml:datafield>
  <marcxml:datafield tag="650" ind1=" " ind2="0">
    <marcxml:subfield code="a">Women</marcxml:subfield>
    <marcxml:subfield code="v">Poetry.</marcxml:subfield>
  </marcxml:datafield>
  <marcxml:datafield tag="650" ind1=" " ind2="7">
    <marcxml:subfield code="a">POETRY.</marcxml:subfield>
    <marcxml:subfield code="2">bisacsh</marcxml:subfield>
  </marcxml:datafield>
  <marcxml:datafield tag="655" ind1=" " ind2="7">
    <marcxml:subfield code="a">Poetry.</marcxml:subfield>
    <marcxml:subfield code="2">lcgft</marcxml:subfield>
  </marcxml:datafield>
  <marcxml:datafield tag="650" ind1=" " ind2="7">
    <marcxml:subfield code="a">Self-realization</marcxml:subfield>
    <marcxml:subfield code="v">Poetry.</marcxml:subfield>
    <marcxml:subfield code="2">sears</marcxml:subfield>
  </marcxml:datafield>
  <marcxml:datafield tag="923" ind1=" " ind2=" ">
    <marcxml:subfield code="a">Purchase</marcxml:subfield>
    <marcxml:subfield code="d">20180828</marcxml:subfield>
    <marcxml:subfield code="n">341457</marcxml:subfield>
    <marcxml:subfield code="s">Amazon</marcxml:subfield>
  </marcxml:datafield>
</marcxml:record>
